@article{Trott_Kokkos3_2022,
    title = {{Kokkos 3: Programming Model Extensions for the Exascale Era}},
    year = {2022},
    journal = {IEEE Transactions on Parallel and Distributed Systems},
    author = {Trott, Christian R and Lebrun-Grandi{\'{e}}, Damien and Arndt, Daniel and Ciesko, Jan and Dang, Vinh and Ellingwood, Nathan and Gayatri, Rahulkumar and Harvey, Evan and Hollman, Daisy S and Ibanez, Dan and Liber, Nevin and Madsen, Jonathan and Miles, Jeff and Poliakoff, David and Powell, Amy and Rajamanickam, Sivasankaran and Simberg, Mikael and Sunderland, Dan and Turcksin, Bruno and Wilke, Jeremiah},
    number = {4},
    pages = {805--817},
    volume = {33},
    doi = {10.1109/TPDS.2021.3097283}
}

@article{TrottKokkosOGPaper2014,
    title = {{Kokkos: Enabling manycore performance portability through polymorphic memory access patterns }},
    year = {2014},
    journal = {Journal of Parallel and Distributed Computing },
    author = {Edwards, H Carter and Trott, Christian R and Sunderland, Daniel},
    number = {12},
    pages = {3202 - 3216},
    volume = {74},
    url = {http://www.sciencedirect.com/science/article/pii/S0743731514001257},
    doi = {https://doi.org/10.1016/j.jpdc.2014.07.003},
    issn = {0743-7315}
}

@article{Trott_KokkosEcosystem2021,
    title = {{The Kokkos EcoSystem: Comprehensive Performance Portability for High Performance Computing}},
    year = {2021},
    journal = {Computing in Science   Engineering},
    author = {Trott, Christian and Berger-Vergiat, Luc and Poliakoff, David and Rajamanickam, Sivasankaran and Lebrun-Grandie, Damien and Madsen, Jonathan and Al Awar, Nader and Gligoric, Milos and Shipman, Galen and Womeldorff, Geoff},
    number = {5},
    pages = {10--18},
    volume = {23},
    doi = {10.1109/MCSE.2021.3098509}
}

@article{Silvestri2019ASimulation,
    title = {{A fast GPU Monte Carlo radiative heat transfer implementation for coupling with direct numerical simulation}},
    year = {2019},
    journal = {Journal of Computational Physics: X},
    author = {Silvestri, Simone and Pecnik, Rene},
    month = {8},
    pages = {100032},
    volume = {3},
    doi = {10.1016/j.jcpx.2019.100032}
}

@article{Amanatides1987ATracing,
    title = {{A Fast Voxel Traversal Algorithm for Ray Tracing}},
    year = {1987},
    journal = {Proceedings of EuroGraphics},
    author = {Amanatides, John and Woo, Andrew},
    month = {10},
    volume = {87}
}

@article{Wu2007ASimulation,
    title = {{A high-order photon Monte Carlo method for radiative transfer in direct numerical simulation}},
    year = {2007},
    journal = {Journal of Computational Physics},
    author = {Wu, Y. and Modest, M. F. and Haworth, D. C.},
    number = {2},
    volume = {223},
    doi = {10.1016/j.jcp.2006.10.014},
    issn = {10902716}
}

@article{Ren2013AGases,
    title = {{A hybrid wavenumber selection scheme for line-by-line photon Monte Carlo simulations in high- temperature gases}},
    year = {2013},
    journal = {Journal of Heat Transfer},
    author = {Ren, Tao and Modest, Michael F.},
    number = {8},
    volume = {135},
    doi = {10.1115/1.4024385},
    issn = {00221481}
}

@article{Neto1993AStep,
    title = {{A numerical investigation of coherent vortices in turbulence behind a backward-facing step}},
    year = {1993},
    journal = {Journal of Fluid Mechanics},
    author = {Neto, Aristeu and Dominique, Grand and Metais, Olivier and Marcel, Lesieur},
    month = {9},
    pages = {1 - 25},
    volume = {256},
    doi = {10.1017/S0022112093002691}
}

@article{Wu2019AFlame,
    title = {{A numerical investigation of the flame structure and blowoff characteristics of a bluff-body stabilized turbulent premixed flame}},
    year = {2019},
    journal = {Combustion and Flame},
    author = {Wu, Bifen and Zhao, Xinyu and Chowdhury, Bikram Roy and Cetegen, Baki M and Xu, Chao and Lu, Tianfeng},
    pages = {376--393},
    volume = {202},
    url = {https://www.sciencedirect.com/science/article/pii/S0010218019300446},
    doi = {https://doi.org/10.1016/j.combustflame.2019.01.026},
    issn = {0010-2180},
    keywords = {Bluff-body, Large eddy simulation, Lean blowoff}
}

@inproceedings{Wu2019AFIRE,
    title = {{A NUMERICAL STUDY OF RADIATION IN A SMALL-SCALE POOL FIRE}},
    year = {2019},
    booktitle = {Proceedings of the 9th International Symposium on Radiative Transfer, RAD-19},
    author = {Wu, Bifen and Zhao, Xinyu and Roy, Somesh},
    month = {6},
    publisher = {International Centre for Heat and Mass Transfer (ICHMT)},
    address = {Athens, Greece}
}

@article{Villefranque2019AAtmospheres,
    title = {{A Path-Tracing Monte Carlo Library for 3-D Radiative Transfer in Highly Resolved Cloudy Atmospheres}},
    year = {2019},
    journal = {Journal of Advances in Modeling Earth Systems},
    author = {Villefranque, Najda and Fournier, Richard and Couvreux, Fleur and Blanco, Stéphane and Cornet, Céline and Eymet, Vincent and Forest, Vincent and Tregan, Jean-Marc},
    number = {8},
    pages = {2449--2473},
    volume = {11},
    url = {https://agupubs.onlinelibrary.wiley.com/doi/abs/10.1029/2018MS001602},
    doi = {https://doi.org/10.1029/2018MS001602},
    keywords = {3-D radiative transfer, Monte Carlo, cloud-radiation interactions, complexity, image rendering, large-eddy simulations}
}

@article{Farmer2020AMedia,
    title = {{A quasi-Monte Carlo solver for thermal radiation in participating media: A QMC solver for thermal radiation in participating media}},
    year = {2020},
    journal = {Journal of Quantitative Spectroscopy and Radiative Transfer},
    author = {Farmer, Joseph and Roy, Somesh},
    volume = {242},
    doi = {10.1016/j.jqsrt.2019.106753},
    issn = {00224073}
}

@article{Hu2017AChallenges,
    title = {{A review of physics and correlations of pool fire behaviour in wind and future challenges}},
    year = {2017},
    journal = {Fire Safety Journal},
    author = {Hu, Longhua},
    pages = {41--55},
    volume = {91},
    url = {https://www.sciencedirect.com/science/article/pii/S0379711217303405},
    doi = {https://doi.org/10.1016/j.firesaf.2017.05.008},
    issn = {0379-7112},
    keywords = {Burning rate, Flame geometry, Heat feedback, Pool fire, Radiation, Soot, Wind}
}

@inproceedings{Humphrey2015ATracing,
    title = {{A scalable algorithm for radiative heat transfer using reverse monte carlo ray tracing}},
    year = {2015},
    booktitle = {Lecture Notes in Computer Science (including subseries Lecture Notes in Artificial Intelligence and Lecture Notes in Bioinformatics)},
    author = {Humphrey, Alan and Harman, Todd and Berzins, Martin and Smith, Phillip},
    volume = {9137 LNCS},
    doi = {10.1007/978-3-319-20119-1{\_}16},
    issn = {16113349}
}

@inproceedings{Humphrey2015ATracingb,
    title = {{A Scalable Algorithm for Radiative Heat Transfer Using Reverse Monte Carlo Ray Tracing}},
    year = {2015},
    booktitle = {High Performance Computing},
    author = {Humphrey, Alan and Harman, Todd and Berzins, Martin and Smith, Phillip},
    editor = {Kunkel, Julian M and Ludwig, Thomas},
    pages = {212--230},
    publisher = {Springer International Publishing},
    address = {Cham},
    isbn = {978-3-319-20119-1}
}

@article{Meister2021ATracing,
    title = {{A Survey on Bounding Volume Hierarchies for Ray Tracing}},
    year = {2021},
    journal = {Computer Graphics Forum},
    author = {Meister, Daniel and Ogaki, Shinji and Benthin, Carsten and Doyle, Michael and Guthe, Michael and Bittner, Jiri},
    month = {9},
    pages = {683--712},
    volume = {40},
    doi = {10.1111/cgf.142662}
}

@article{Weller1998ATechniques,
    title = {{A Tensorial Approach to Computational Continuum Mechanics Using Object Orientated Techniques}},
    year = {1998},
    journal = {Computers in Physics},
    author = {Weller, H G and Tabor, Gavin and Jasak, Hrvoje and Fureby, Christer},
    month = {8},
    pages = {620--631},
    volume = {12},
    doi = {10.1063/1.168744}
}

@article{Miao2014AccidentDike,
    title = {{Accident Consequence Simulation Analysis of Pool Fire in Fire Dike}},
    year = {2014},
    journal = {Procedia Engineering},
    author = {Miao, Zhang and Wenhua, Song and Ji, Wang and Zhen, Chen},
    pages = {565--577},
    volume = {84},
    url = {https://www.sciencedirect.com/science/article/pii/S1877705814017901},
    doi = {https://doi.org/10.1016/j.proeng.2014.10.469},
    issn = {1877-7058},
    keywords = {CFD simulation, combustion, heat radiation flux, mathematical model, pool fire}
}

@article{Padture2016AdvancedPropulsion,
    title = {{Advanced structural ceramics in aerospace propulsion}},
    year = {2016},
    journal = {Nature Materials},
    author = {Padture, Nitin},
    month = {1},
    pages = {804--809},
    volume = {15},
    doi = {10.1038/nmat4687}
}

@article{Hiroshi1988AirFires,
    title = {{Air entrainment and thermal radiation from heptane pool fires}},
    year = {1988},
    journal = {Fire Technology},
    author = {Hiroshi, Koseki and Taro, Yumoto},
    number = {1},
    pages = {33--47},
    volume = {24},
    url = {https://doi.org/10.1007/BF01039639},
    doi = {10.1007/BF01039639},
    issn = {1572-8099}
}

@article{Wang2007AnFields,
    title = {{An adaptive emission model for Monte Carlo simulations in highly inhomogeneous media represented by stochastic particle fields}},
    year = {2007},
    journal = {Journal of Quantitative Spectroscopy and Radiative Transfer},
    author = {Wang, Anquan and Modest, Michael F},
    number = {2},
    pages = {288--296},
    volume = {104},
    url = {https://www.sciencedirect.com/science/article/pii/S0022407306001920},
    doi = {https://doi.org/10.1016/j.jqsrt.2006.07.023},
    issn = {0022-4073},
    keywords = {Combustion modeling, Monte Carlo method, Participating media, Thermal radiation}
}

@article{Zeeb2001AnGeometries,
    title = {{An Efficient Monte Carlo Particle Tracing Algorithm for Large, Arbitrary Geometries}},
    year = {2001},
    journal = {Numerical Heat Transfer Part B - Fundamentals},
    author = {Zeeb, Charles and Dolaghan, John},
    month = {9},
    volume = {39},
    doi = {10.1080/104077901750106606}
}

@book{Drysdale2011AnDynamics,
    title = {{An Introduction to Fire Dynamics}},
    year = {2011},
    author = {Drysdale, Dougal},
    edition = {3},
    month = {8},
    publisher = {Wiley},
    isbn = {9780470319031},
    doi = {10.1002/9781119975465}
}

@article{Dupoirieux2006AnThicknesses,
    title = {{An optimized reciprocity Monte Carlo method for the calculation of radiative transfer in media of various optical thicknesses}},
    year = {2006},
    journal = {International Journal of Heat and Mass Transfer},
    author = {Dupoirieux, Francis and Tess{\'{e}}, Lionel and Avila, Sébastien and Taine, Jean},
    number = {7},
    pages = {1310--1319},
    volume = {49},
    url = {https://www.sciencedirect.com/science/article/pii/S0017931005006289},
    doi = {https://doi.org/10.1016/j.ijheatmasstransfer.2005.10.009},
    issn = {0017-9310}
}

@article{Johnson2021AnalysisMethod,
    title = {{Analysis of the Heat Transfer Within Combustor Liners Using a Combined Monte Carlo and Two-Flux Method}},
    year = {2021},
    journal = {Journal of Turbomachinery},
    author = {Johnson, Andressa L. and Zhao, Xinyu},
    number = {3},
    month = {3},
    pages = {31006-},
    volume = {143},
    doi = {10.1115/1.4049913},
    issn = {0889-504X}
}

@article{Siegel1998AnalysisCoatings,
    title = {{Analysis of thermal radiation effects on temperatures in turbine engine thermal barrier coatings}},
    year = {1998},
    journal = {Materials Science and Engineering A},
    author = {Siegel, Robert and Spuckler, Charles M.},
    number = {2},
    month = {5},
    pages = {150--159},
    volume = {245},
    publisher = {Elsevier},
    doi = {10.1016/S0921-5093(97)00845-9},
    issn = {09215093}
}

@article{Siegel1994ApproximateLayers,
    title = {{Approximate solution methods for spectral radiative transfer in high refractive index layers}},
    year = {1994},
    journal = {International Journal of Heat and Mass Transfer},
    author = {Siegel, R. and Spuckler, C.M.},
    month = {3},
    pages = {403--413},
    volume = {37},
    doi = {10.1016/0017-9310(94)90040-X},
    issn = {00179310}
}

@misc{Lebrun-Grandie2019ArborX:Library,
    title = {{ArborX: A Performance Portable Search Library}},
    year = {2019},
    author = {Lebrun-Grandi{\'{e}}, D and Prokopenko, Andrey and Turcksin, B and Slattery, S},
    month = {8}
}

@article{Gamil2020AssessmentChamber,
    title = {{Assessment of numerical radiation models on the heat transfer of an aero-engine combustion chamber}},
    year = {2020},
    journal = {Case Studies in Thermal Engineering},
    author = {Gamil, Abdelaziz and Nikolaidis, Theoklis and Lelaj, Indrit and Laskaridis, Panagiotis},
    month = {8},
    pages = {100772},
    volume = {22},
    doi = {10.1016/j.csite.2020.100772}
}

@article{Palluotto2019AssessmentSimulations,
    title = {{Assessment of randomized Quasi-Monte Carlo method efficiency in radiative heat transfer simulations}},
    year = {2019},
    journal = {Journal of Quantitative Spectroscopy and Radiative Transfer},
    author = {Palluotto, Lorella and Dumont, Nicolas and Rodrigues, P. and Gicquel, Olivier and Vicquelin, R.},
    volume = {236},
    doi = {10.1016/j.jqsrt.2019.07.013},
    issn = {00224073}
}

@article{Ju2000AsymptoticFlames,
    title = {{Asymptotic analysis of radiation extinction of stretched premixed flames}},
    year = {2000},
    journal = {International Journal of Heat and Mass Transfer},
    author = {Ju, Yiguang and Masuya, Goro and Liu, Fengshan and Hattori, Yuji and Riechelmann, Dirk},
    number = {2},
    pages = {231--239},
    volume = {43},
    url = {https://www.sciencedirect.com/science/article/pii/S0017931099001301},
    doi = {https://doi.org/10.1016/S0017-9310(99)00130-1},
    issn = {0017-9310},
    keywords = {Asymptotic analysis, Flammability limit, Radiation extinction, Stretched premixed flame}
}

@article{Li2005BackwardSlab,
    title = {{Backward Monte Carlo simulation for apparent directional emissivity of non-isothermal semitransparent slab}},
    year = {2005},
    journal = {Journal of Quantitative Spectroscopy and Radiative Transfer},
    author = {Li, B X and Yu, X J and Liu, L H},
    month = {10},
    pages = {173--179},
    volume = {91},
    doi = {10.1016/j.jqsrt.2004.05.055}
}

@article{Modest2003BackwardTransfer,
    title = {{Backward Monte Carlo simulations in radiative heat transfer}},
    year = {2003},
    journal = {Journal of Heat Transfer},
    author = {Modest, Michael F.},
    number = {1},
    volume = {125},
    doi = {10.1115/1.1518491},
    issn = {00221481}
}

@article{Jovic1994Backward-facing5000,
    title = {{Backward-facing step measurements at low Reynolds number, Re (sub h)= 5000}},
    year = {1994},
    journal = {NASA Technical Memorandum 108807},
    author = {Jovic, Srba and Driver, David},
    month = {9}
}

@techreport{2021BpEnergy,
    title = {{bp Statistical Review of World Energy}},
    year = {2021},
    institution = {British Petroleum (BP)}
}

@article{Niemann2016Buoyancy-affectedNumber,
    title = {{Buoyancy-affected backward-facing step flow with heat transfer at low Prandtl number}},
    year = {2016},
    journal = {International Journal of Heat and Mass Transfer},
    author = {Niemann, Martin and Fr{\"{o}}hlich, Jochen},
    month = {9},
    pages = {1237--1250},
    volume = {101},
    doi = {10.1016/j.ijheatmasstransfer.2016.05.137}
}

@article{Gardon1958CalculationHeat-Treatment,
    title = {{Calculation of Temperature Distributions in Glass Plates Undergoing Heat-Treatment}},
    year = {1958},
    journal = {Journal of the American Ceramic Society},
    author = {Gardon, Robert},
    number = {6},
    month = {6},
    pages = {200--209},
    volume = {41},
    doi = {10.1111/j.1151-2916.1958.tb13541.x},
    issn = {0002-7820}
}

@incollection{Modest2022ChapterRadiation,
    title = {{Chapter 1 - Fundamentals of Thermal Radiation}},
    year = {2022},
    booktitle = {Radiative Heat Transfer (Fourth Edition)},
    author = {Modest, Michael F and Mazumder, Sandip},
    editor = {Modest, Michael F and Mazumder, Sandip},
    edition = {Fourth Edition},
    pages = {1--29},
    publisher = {Academic Press},
    url = {https://www.sciencedirect.com/science/article/pii/B9780128181430000092},
    isbn = {978-0-323-98406-5},
    doi = {https://doi.org/10.1016/B978-0-12-818143-0.00009-2},
    keywords = {Kirchhoff's law, Planck's law, Stefan-Boltzmann law, Thermal radiation, Wien's displacement law, blackbody radiation, intensity, radiative heat flux, radiative properties, solid angle}
}

@incollection{Modest2022ChapterMedia,
    title = {{Chapter 13 - Exact Solutions for One-Dimensional Gray Media}},
    year = {2022},
    booktitle = {Radiative Heat Transfer (Fourth Edition)},
    author = {Modest, Michael F and Mazumder, Sandip},
    editor = {Modest, Michael F and Mazumder, Sandip},
    edition = {Fourth Edition},
    pages = {467--495},
    publisher = {Academic Press},
    url = {https://www.sciencedirect.com/science/article/pii/B9780128181430000213},
    isbn = {978-0-323-98406-5},
    doi = {https://doi.org/10.1016/B978-0-12-818143-0.00021-3},
    keywords = {1D, Fredholm integral equation, RTE solution, Radiative transfer equation, cylindrical, exponential integral function, plane-parallel, spherical}
}

@incollection{Modest2022ChapterMediab,
    title = {{Chapter 14 - Approximate Solution Methods for One-Dimensional Media}},
    year = {2022},
    booktitle = {Radiative Heat Transfer (Fourth Edition)},
    author = {Modest, Michael F and Mazumder, Sandip},
    editor = {Modest, Michael F and Mazumder, Sandip},
    edition = {Fourth Edition},
    pages = {497--511},
    publisher = {Academic Press},
    url = {https://www.sciencedirect.com/science/article/pii/B9780128181430000225},
    isbn = {978-0-323-98406-5},
    doi = {https://doi.org/10.1016/B978-0-12-818143-0.00022-5},
    keywords = {1D, Milne-Eddington, Radiative transfer equation, Schuster-Schwarzschild, approximate RTE solution, exponential kernel, optically thick, optically thin}
}

@incollection{Modest2022ChapterMediac,
    title = {{Chapter 20 - The Monte Carlo Method for Participating Media}},
    year = {2022},
    booktitle = {Radiative Heat Transfer (Fourth Edition)},
    author = {Modest, Michael F and Mazumder, Sandip},
    editor = {Modest, Michael F and Mazumder, Sandip},
    edition = {Fourth Edition},
    pages = {737--773},
    publisher = {Academic Press},
    url = {https://www.sciencedirect.com/science/article/pii/B9780128181430000286},
    isbn = {978-0-323-98406-5},
    doi = {https://doi.org/10.1016/B978-0-12-818143-0.00028-6},
    keywords = {Monte Carlo (MC) method, backward MC, deviational MC, direct exchange MC, droplets, energy partitioning, molecular gases, participating media, particles, reciprocity MC}
}

@incollection{Modest2022ChapterSystems,
    title = {{Chapter 22 - Radiation in Chemically Reacting Systems}},
    year = {2022},
    booktitle = {Radiative Heat Transfer (Fourth Edition)},
    author = {Modest, Michael F and Mazumder, Sandip},
    editor = {Modest, Michael F and Mazumder, Sandip},
    edition = {Fourth Edition},
    pages = {819--858},
    publisher = {Academic Press},
    url = {https://www.sciencedirect.com/science/article/pii/B9780128181430000304},
    isbn = {978-0-323-98406-5},
    doi = {https://doi.org/10.1016/B978-0-12-818143-0.00030-4},
    keywords = {DNS, LES, RTE solvers, Radiation in participating media, TRI, emission TRI, multimode heat transfer, multiphase combustion, solar thermochemical, turbulence-radiation interactions}
}

@incollection{Modest2022ChapterExchange,
    title = {{Chapter 7 - The Monte Carlo Method for Surface Exchange}},
    year = {2022},
    booktitle = {Radiative Heat Transfer (Fourth Edition)},
    author = {Modest, Michael F and Mazumder, Sandip},
    editor = {Modest, Michael F and Mazumder, Sandip},
    edition = {Fourth Edition},
    pages = {235--259},
    publisher = {Academic Press},
    url = {https://www.sciencedirect.com/science/article/pii/B9780128181430000158},
    isbn = {978-0-323-98406-5},
    doi = {https://doi.org/10.1016/B978-0-12-818143-0.00015-8},
    keywords = {Monte Carlo method, enclosure analysis, random number relations, ray tracing, statistical error, surface exchange}
}

@inproceedings{Hamins1995CharacteristicsBurning,
    title = {{Characteristics of Pool Fire Burning}},
    year = {1995},
    author = {Hamins, Anthony and Kashiwagi, Takashi and Buch, R},
    month = {3},
    publisher = {American Resistance of Industrial Fluids, Indianapolis, IN},
    url = {https://tsapps.nist.gov/publication/get_pdf.cfm?pub_id=909541},
    language = {en}
}

@article{Pal2015ComparisonFlames,
    title = {{Comparison of accuracy and computational expense of radiation models in simulation of non-premixed turbulent jet flames}},
    year = {2015},
    journal = {Combustion and Flame},
    author = {Pal, Gopalendu and Gupta, Ankur and Modest, Michael F. and Haworth, Daniel C.},
    number = {6},
    volume = {162},
    doi = {10.1016/j.combustflame.2015.02.017},
    issn = {15562921}
}

@inproceedings{Palluotto2017ComparisonSimulations,
    title = {{Comparison of Monte Carlo methods efficiency to solve radiative energy transfer in high fidelity unsteady 3D simulations}},
    year = {2017},
    booktitle = {Proceedings of the ASME Turbo Expo},
    author = {Palluotto, Lorella and Dumont, Nicolas and Rodrigues, Pedro and Koren, Chai and Vicquelin, Ronan and Gicquel, Olivier},
    volume = {5A-2017},
    doi = {10.1115/GT2017-64179}
}

@incollection{Farmer1998ComparisonMedia,
    title = {{Comparison of Monte Carlo Strategies for Radiative Transfer in Participating Media}},
    year = {1998},
    author = {Farmer, Jeffery T and Howell, John R},
    editor = {Hartnett, James P and Irvine, Thomas F and Cho, Young I and Greene, George A},
    pages = {333--429},
    series = {Advances in Heat Transfer},
    volume = {31},
    publisher = {Elsevier},
    url = {https://www.sciencedirect.com/science/article/pii/S0065271708702430},
    doi = {https://doi.org/10.1016/S0065-2717(08)70243-0},
    issn = {0065-2717}
}

@article{Leccese2018ConvectiveChambers,
    title = {{Convective and Radiative Wall Heat Transfer in Liquid Rocket Thrust Chambers}},
    year = {2018},
    journal = {Journal of Propulsion and Power},
    author = {Leccese, Giuseppe and Bianchi, Daniele and Betti, Barbara and Lentini, Diego and Nasuti, Francesco},
    number = {2},
    month = {3},
    pages = {318--326},
    volume = {34},
    doi = {10.2514/1.B36589},
    issn = {0748-4658}
}

@article{Sanders2011CudaProgramming,
    title = {{Cuda by Example: An Introduction to General-Purpose GPU Programming}},
    year = {2011},
    author = {Sanders, Jason and Kandrot, Edward},
    month = {1},
    issn = {0131387685, 9780131387683}
}

@misc{Gupta2020CUDAComputing,
    title = {{CUDA Refresher: Reviewing the Origins of GPU Computing}},
    year = {2020},
    booktitle = {NVIDIA Developer Blog},
    author = {Gupta, Pradeep},
    month = {4}
}

@article{Peterson2018DemonstratingComputations,
    title = {{Demonstrating GPU code portability and scalability for radiative heat transfer computations}},
    year = {2018},
    journal = {Journal of Computational Science},
    author = {Peterson, Brad and Humphrey, Alan and Holmen, John and Harman, Todd and Berzins, Martin and Sunderland, Dan and Edwards, H. Carter},
    volume = {27},
    doi = {10.1016/j.jocs.2018.06.005},
    issn = {18777503}
}

@article{Peterson2018DemonstratingComputationsb,
    title = {{Demonstrating GPU Code Portability and Scalability for Radiative Heat Transfer Computations}},
    year = {2018},
    journal = {Journal of Computational Science},
    author = {Peterson, Brad and Humphrey, Alan and Holmen, John and Harman, Todd and Berzins, Martin and Sunderland, Dan and Edwards, H},
    month = {9},
    volume = {27},
    doi = {10.1016/j.jocs.2018.06.005}
}

@article{Wu2020DetailedFire,
    title = {{Detailed modeling of a small-scale turbulent pool fire}},
    year = {2020},
    journal = {Combustion and Flame},
    author = {Wu, Bifen and Roy, Somesh P and Zhao, Xinyu},
    pages = {224--237},
    volume = {214},
    url = {https://www.sciencedirect.com/science/article/pii/S0010218019305929},
    doi = {https://doi.org/10.1016/j.combustflame.2019.12.034},
    issn = {0010-2180},
    keywords = {Line-by-line, Monte Carlo ray tracing, Pool fire, Two-equation soot model}
}

@misc{Toumey2021DevelopmentTransfer,
    title = {{Development of a Large Eddy Simulation Solver with Conjugate Convective and Radiative Heat Transfer}},
    year = {2021},
    author = {Toumey, Julian},
    month = {8}
}

@article{Le1997DirectStep,
    title = {{Direct Numerical Simulation of Turbulent Flow over a Backward-Facing Step}},
    year = {1997},
    journal = {Journal of Fluid Mechanics},
    author = {Le, Hung and Moin, Parviz and Kim, John},
    month = {9},
    volume = {330},
    doi = {10.1017/S0022112096003941}
}

@article{Valendik2008EffectEnvironment,
    title = {{Effect of thermal radiation of forest fire on the environment}},
    year = {2008},
    journal = {Contemporary Problems of Ecology},
    author = {Valendik, E and Kosov, Ivan},
    month = {9},
    pages = {399--403},
    volume = {1},
    doi = {10.1134/S1995425508040012}
}

@article{Ju1998EffectsFlames,
    title = {{Effects of radiative emission and absorption on the propagation and extinction of premixed gas flames}},
    year = {1998},
    journal = {Symposium (International) on Combustion},
    author = {Ju, Yiguang and Masuya, Goro and Ronney, Paul D},
    number = {2},
    pages = {2619--2626},
    volume = {27},
    url = {https://www.sciencedirect.com/science/article/pii/S0082078498801161},
    doi = {https://doi.org/10.1016/S0082-0784(98)80116-1},
    issn = {0082-0784}
}

@article{Barlow1998EffectsFlames,
    title = {{Effects of turbulence on species mass fractions in methane/air jet flames}},
    year = {1998},
    journal = {Symposium (International) on Combustion},
    author = {Barlow, R S and Frank, J H},
    number = {1},
    pages = {1087--1095},
    volume = {27},
    url = {https://www.sciencedirect.com/science/article/pii/S0082078498805109},
    doi = {https://doi.org/10.1016/S0082-0784(98)80510-9},
    issn = {0082-0784}
}

@article{Modest2008EllipticGeometries,
    title = {{Elliptic PDE formulation and boundary conditions of the spherical harmonics method of arbitrary order for general three-dimensional geometries}},
    year = {2008},
    journal = {Journal of Quantitative Spectroscopy and Radiative Transfer},
    author = {Modest, Michael F and Yang, Jun},
    number = {9},
    pages = {1641--1666},
    volume = {109},
    url = {https://www.sciencedirect.com/science/article/pii/S0022407307003676},
    doi = {https://doi.org/10.1016/j.jqsrt.2007.12.018},
    issn = {0022-4073},
    keywords = {High-order, Radiative transfer equation, Spherical harmonics, Three-dimensional}
}

@article{Boissonnet2019EvolutionTemperature,
    title = {{Evolution of thermal insulation of plasma-sprayed thermal barrier coating systems with exposure to high temperature}},
    year = {2019},
    journal = {Journal of the European Ceramic Society},
    author = {Boissonnet, G. and Bonnet, G. and Pasquet, A. and Bourhila, N. and Pedraza, F.},
    number = {6},
    month = {6},
    pages = {2111--2121},
    volume = {39},
    doi = {10.1016/j.jeurceramsoc.2019.01.026},
    issn = {09552219}
}

@article{Armaly1983ExperimentalFlow,
    title = {{Experimental and Theoretical Investigation of Backward-Facing Step Flow}},
    year = {1983},
    journal = {Journal of Fluid Mechanics},
    author = {Armaly, B and Durst, F and Pereira, Jose and Sch{\"{o}}nung, B},
    month = {9},
    pages = {473 - 496},
    volume = {127},
    doi = {10.1017/S0022112083002839}
}

@article{Yang2013ExperimentalCoatings,
    title = {{Experimental study on radiative properties of air plasma sprayed thermal barrier coatings}},
    year = {2013},
    journal = {International Journal of Heat and Mass Transfer},
    author = {Yang, G and Zhao, C Y and Wang, B X},
    pages = {695--698},
    volume = {66},
    url = {https://www.sciencedirect.com/science/article/pii/S0017931013006236},
    doi = {https://doi.org/10.1016/j.ijheatmasstransfer.2013.07.069},
    issn = {0017-9310},
    keywords = {Radiative properties, Scattering coefficient, Thermal barrier coatings, Thermal radiation}
}

@article{Cetegen1993ExperimentsFires,
    title = {{Experiments on the periodic instability of buoyant plumes and pool fires}},
    year = {1993},
    journal = {Combustion and Flame},
    author = {Cetegen, Baki M and Ahmed, Tarek A},
    number = {1},
    pages = {157--184},
    volume = {93},
    url = {https://www.sciencedirect.com/science/article/pii/001021809390090P},
    doi = {https://doi.org/10.1016/0010-2180(93)90090-P},
    issn = {0010-2180}
}

@article{Lefebvre1984FlameChambers,
    title = {{Flame radiation in gas turbine combustion chambers}},
    year = {1984},
    journal = {International Journal of Heat and Mass Transfer},
    author = {Lefebvre, Arthur H},
    number = {9},
    pages = {1493--1510},
    volume = {27},
    url = {https://www.sciencedirect.com/science/article/pii/001793108490262X},
    doi = {https://doi.org/10.1016/0017-9310(84)90262-X},
    issn = {0017-9310}
}

@book{Bergman2017FundamentalsTransfer,
    title = {{Fundamentals of Heat and Mass Transfer}},
    year = {2017},
    author = {Bergman, T L and Lavine, A S and Incropera, F P and DeWitt, D P},
    publisher = {Wiley},
    url = {https://books.google.com/books?id=sJBEDwAAQBAJ},
    isbn = {9781119337676}
}

@book{Lefebvre2010GasCombustion,
    title = {{Gas Turbine Combustion}},
    year = {2010},
    author = {Lefebvre, Arthur H. and Ballal, Dilip R.},
    edition = {3rd},
    month = {4},
    publisher = {CRC Press},
    isbn = {9781420086058},
    doi = {10.1201/9781420086058}
}

@article{Xie2017GeometrySteps,
    title = {{Geometry effect on flow fluctuation and heat transfer in unsteady forced convection over backward and forward facing steps}},
    year = {2017},
    journal = {Energy},
    author = {Xie, W A and Xi, G N},
    month = {9},
    volume = {132},
    doi = {10.1016/j.energy.2017.05.072}
}

@article{Pratx2011GPUReview,
    title = {{GPU computing in medical physics: A review}},
    year = {2011},
    journal = {Medical Physics},
    author = {Pratx, Guillem and Xing, Lei},
    number = {5},
    pages = {2685--2697},
    volume = {38},
    url = {https://aapm.onlinelibrary.wiley.com/doi/abs/10.1118/1.3578605},
    doi = {https://doi.org/10.1118/1.3578605},
    keywords = {Computer hardware, Computer science and technology, Dose-volume analysis, Dosimetry, Image reconstruction, Magnetic resonance imaging, Medical image reconstruction, Medical imaging, Medical physics, Medical treatment planning, Monte Carlo methods, Optimization, Pipelines, Reconstruction, biomedical MRI, computer graphic equipment, computer graphics, coprocessors, dose calculation, dosimetry, graphics processing units, high-performance computing, image processing, image reconstruction, image segmentation, medical image processing, parallel processing}
}

@article{Heymann2012GPU-basedAGN,
    title = {{GPU-based Monte Carlo dust radiative transfer scheme applied to AGN}},
    year = {2012},
    journal = {Astrophysical Journal},
    author = {Heymann, Frank and Siebenmorgen, Ralf},
    month = {9},
    volume = {751},
    doi = {10.1088/0004-637X/751/1/27}
}

@article{Ratzel1982HeatApproximation,
    title = {{Heat Transfer by Conduction and Radiation in One-Dimensional Planar Media Using the Differential Approximation}},
    year = {1982},
    journal = {Journal of Heat Transfer},
    author = {Ratzel, A. C. and Howell, J. R.},
    number = {2},
    month = {5},
    pages = {388--391},
    volume = {104},
    doi = {10.1115/1.3245102},
    issn = {0022-1481}
}

@article{Viskanta1975HeatSolids,
    title = {{Heat Transfer in Semitransparent Solids}},
    year = {1975},
    journal = {Advances in Heat Transfer},
    author = {Viskanta, R. and Anderson, E. E.},
    number = {C},
    month = {1},
    pages = {317--441},
    volume = {11},
    publisher = {Elsevier},
    doi = {10.1016/S0065-2717(08)70077-7},
    issn = {00652717}
}

@article{Rothman2010HITEMPDatabase,
    title = {{HITEMP, the high-temperature molecular spectroscopic database}},
    year = {2010},
    journal = {Journal of Quantitative Spectroscopy and Radiative Transfer},
    author = {Rothman, L S and Gordon, I E and Barber, R J and Dothe, H and Gamache, R R and Goldman, A and Perevalov, V I and Tashkun, S A and Tennyson, J},
    number = {15},
    pages = {2139 - 2150},
    volume = {111},
    url = {http://www.sciencedirect.com/science/article/pii/S002240731000169X},
    doi = {https://doi.org/10.1016/j.jqsrt.2010.05.001},
    issn = {0022-4073},
    keywords = {HITEMP, High-temperature spectroscopy, Line parameters, Molecular absorption, Molecular spectroscopy, Spectroscopic database}
}

@article{Ge2015ImplementationOpenfoam,
    title = {{Implementation of High-Order Spherical Harmonics Methods for Radiative Heat Transfer on openfoam}},
    year = {2015},
    journal = {Journal of Heat Transfer},
    author = {Ge, Wenjun and Marquez, Ricardo and Modest, Michael F. and Roy, Somesh P.},
    number = {5},
    month = {5},
    pages = {137--142},
    volume = {137},
    doi = {10.1115/1.4029546},
    issn = {0022-1481}
}

@inproceedings{Langdon2015ImprovingProgramming,
    title = {{Improving CUDA DNA Analysis Software with Genetic Programming}},
    year = {2015},
    booktitle = {Proceedings of the 2015 Annual Conference on Genetic and Evolutionary Computation},
    author = {Langdon, William B and Lam, Brian Yee Hong and Petke, Justyna and Harman, Mark},
    pages = {1063--1070},
    series = {GECCO '15},
    publisher = {Association for Computing Machinery},
    url = {https://doi.org/10.1145/2739480.2754652},
    address = {New York, NY, USA},
    isbn = {9781450334723},
    doi = {10.1145/2739480.2754652}
}

@inproceedings{Holmen2017ImprovingTasks,
    title = {{Improving Uintah's Scalability Through the Use of Portable Kokkos-Based Data Parallel Tasks}},
    year = {2017},
    author = {Holmen, John and Humphrey, Alan and Sunderland, Daniel and Berzins, Martin},
    month = {9},
    pages = {1--8},
    doi = {10.1145/3093338.3093388}
}

@article{Westerling2016IncreasingSpring,
    title = {{Increasing western US forest wildfire activity: sensitivity to changes in the timing of spring}},
    year = {2016},
    journal = {Philosophical Transactions of the Royal Society B: Biological Sciences},
    author = {Westerling, Anthony LeRoy},
    number = {1696},
    month = {6},
    pages = {20150178},
    volume = {371},
    doi = {10.1098/rstb.2015.0178},
    issn = {0962-8436}
}

@article{Consalvi2012InfluenceFires,
    title = {{Influence of turbulence–radiation interactions in laboratory-scale methane pool fires}},
    year = {2012},
    journal = {International Journal of Thermal Sciences},
    author = {Consalvi, J L},
    pages = {122--130},
    volume = {60},
    url = {https://www.sciencedirect.com/science/article/pii/S1290072912001639},
    doi = {https://doi.org/10.1016/j.ijthermalsci.2012.05.013},
    issn = {1290-0729},
    keywords = {Laboratory-scale, Methane, Pool fire, Spectral radiation, Turbulence–radiation interactions}
}

@article{Galtier2013IntegralAlgorithms,
    title = {{Integral formulation of null-collision Monte Carlo algorithms}},
    year = {2013},
    journal = {Journal of Quantitative Spectroscopy and Radiative Transfer},
    author = {Galtier, Mathieu and Blanco, Stéphane and Caliot, C and Coustet, Christophe and Dauchet, Jérémi and Mouna, El Hafi and Eymet, V and Fournier, Richard and Gautrais, Jacques and Khuong, Anaïs and Piaud, B and Terr{\'{e}}e, Guillaume},
    month = {10},
    pages = {57--68},
    volume = {125},
    doi = {10.1016/j.jqsrt.2013.04.001}
}

@article{Galtier2013IntegralAlgorithmsb,
    title = {{Integral formulation of null-collision Monte Carlo algorithms}},
    year = {2013},
    journal = {Journal of Quantitative Spectroscopy and Radiative Transfer},
    author = {Galtier, Mathieu and Blanco, Stéphane and Caliot, C and Coustet, Christophe and Dauchet, Jérémi and Mouna, El Hafi and Eymet, V and Fournier, Richard and Gautrais, Jacques and Khuong, Anaïs and Piaud, B and Terr{\'{e}}e, Guillaume},
    month = {10},
    pages = {57--68},
    volume = {125},
    doi = {10.1016/j.jqsrt.2013.04.001}
}

@article{Siegel1996InternalCoatings,
    title = {{Internal radiation effects in zirconia thermal barrier coatings}},
    year = {1996},
    journal = {Journal of Thermophysics and Heat Transfer},
    author = {Siegel, Robert},
    number = {4},
    month = {10},
    pages = {707--709},
    volume = {10},
    doi = {10.2514/3.851},
    issn = {0887-8722}
}

@phdthesis{Li2002InvestigationMethod.,
    title = {{Investigation of turbulence–radiation interactions by a hybrid FV/PDF Monte Carlo method.}},
    year = {2002},
    author = {Li, Genong},
    month = {5},
    school = {Pennsylvania State University},
    address = {University Park}
}

@phdthesis{Li2002InvestigationMethod.b,
    title = {{Investigation of turbulence–radiation interactions by a hybrid FV/PDF Monte Carlo method.}},
    year = {2002},
    author = {Li, Genong},
    month = {5},
    school = {Pennsylvania State University},
    address = {University Park}
}

@article{Trott2021KokkosEra,
    title = {{Kokkos 3: Programming Model Extensions for the Exascale Era}},
    year = {2021},
    journal = {IEEE Transactions on Parallel and Distributed Systems},
    author = {Trott, Christian and Lebrun-Grandie, Damien and Arndt, Daniel and Ciesko, Jan and Dang, Vinh and Ellingwood, Nathan and Gayatri, Rahulkumar and Harvey, Evan and Hollman, Daisy and Ibanez, Daniel and Liber, Nevin and Madsen, Jonathan and Miles, Jeff and Poliakoff, David and Powell, Amy and Rajamanickam, Siva and Simberg, Mikael and Sunderland, Dan and Turcksin, Bruno and Wilke, Jeremiah},
    month = {8},
    pages = {1},
    volume = {PP},
    doi = {10.1109/TPDS.2021.3097283}
}

@article{Mueller2013LargeCombustor,
    title = {{Large eddy simulation of soot evolution in an aircraft combustor}},
    year = {2013},
    journal = {Physics of Fluids},
    author = {Mueller, Michael E and Pitsch, Heinz},
    number = {11},
    pages = {110812},
    volume = {25},
    url = {https://doi.org/10.1063/1.4819347},
    doi = {10.1063/1.4819347}
}

@article{Wu2021LimitationsFires,
    title = {{Limitations of flamelet formulation for modeling turbulent pool fires}},
    year = {2021},
    journal = {Combustion and Flame},
    author = {Wu, Bifen and Ihme, Matthias and Zhao, Xinyu},
    month = {5},
    pages = {346--358},
    volume = {227},
    doi = {10.1016/j.combustflame.2021.01.023},
    issn = {00102180}
}

@article{Wu2021LimitationsFiresb,
    title = {{Limitations of flamelet formulation for modeling turbulent pool fires}},
    year = {2021},
    journal = {Combustion and Flame},
    author = {Wu, Bifen and Ihme, Matthias and Zhao, Xinyu},
    month = {5},
    pages = {346--358},
    volume = {227},
    doi = {10.1016/j.combustflame.2021.01.023},
    issn = {00102180}
}

@article{Ren2019Line-by-lineSystem,
    title = {{Line-by-line random-number database for Monte Carlo simulations of radiation in combustion system}},
    year = {2019},
    journal = {Journal of Heat Transfer},
    author = {Ren, Tao and Modest, Michael F.},
    number = {2},
    volume = {141},
    doi = {10.1115/1.4041803},
    issn = {15288943}
}

@inproceedings{Nery2011MassivelyTracing,
    title = {{Massively Parallel Identification of Intersection Points for GPGPU Ray Tracing}},
    year = {2011},
    booktitle = {ICA3PP},
    author = {Nery, Alexandre Solon and Nedjah, Nadia and Fran{\c{c}}a, Felipe Maia Galvão and J{\'{o}}zwiak, Lech}
}

@inproceedings{Karras2012MaximizingTrees,
    title = {{Maximizing Parallelism in the Construction of BVHs, Octrees, and k-d Trees}},
    year = {2012},
    booktitle = {Proceedings of the Fourth ACM SIGGRAPH/Eurographics conference on High-Performance Graphics},
    author = {Karras, Tero},
    month = {8},
    pages = {33--37},
    doi = {10.2312/EGGH/HPG12/033-037}
}

@article{Fan2021McrtFOAM:Solids,
    title = {{mcrtFOAM: A mesh-agglomeration Monte Carlo ray-tracing solver for radiative transfer in gray semitransparent solids}},
    year = {2021},
    journal = {Computer Physics Communications},
    author = {Fan, Chao and Xia, Xin Lin and Qiu, Jian and Sun, Chuang},
    volume = {258},
    doi = {10.1016/j.cpc.2020.107608},
    issn = {00104655}
}

@article{Mazumder2006MethodsTransport,
    title = {{Methods to Accelerate Ray Tracing in the Monte Carlo Method for Surface-to-Surface Radiation Transport}},
    year = {2006},
    journal = {Journal of Heat Transfer},
    author = {Mazumder, Sandip},
    month = {8},
    pages = {945},
    volume = {128},
    doi = {10.1115/1.2241978}
}

@inproceedings{Tricard2021ModelingEnvironments.,
    title = {{Modeling of conjugate heat transfer within thermal barrier coatings for combustion environments.}},
    year = {2021},
    booktitle = {International Symposium on Advances in Computational Heat Transfer},
    author = {Tricard, Nicolas and Zhao, Xinyu}
}

@inproceedings{Tricard2021ModelingEnvironments.b,
    title = {{Modeling of conjugate heat transfer within thermal barrier coatings for combustion environments.}},
    year = {2021},
    booktitle = {International Symposium on Advances in Computational Heat Transfer},
    author = {Tricard, Nicolas and Zhao, Xinyu}
}

@article{Ihme2008ModelingFormulation,
    title = {{Modeling of radiation and nitric oxide formation in turbulent nonpremixed flames using a flamelet/progress variable formulation}},
    year = {2008},
    journal = {Physics of Fluids - PHYS FLUIDS},
    author = {Ihme, Matthias and Pitsch, Heinz},
    month = {9},
    volume = {20},
    doi = {10.1063/1.2911047}
}

@inproceedings{Naraghi2005ModelingEngines,
    title = {{Modeling of Radiation Heat Transfer in Liquid Rocket Engines}},
    year = {2005},
    booktitle = {41st AIAA/ Joint Propulsion Conference},
    author = {Naraghi, Mohammad and Dunn, Stuart and Coats, Douglas},
    month = {7},
    publisher = {American Institute of Aeronautics and Astronautics},
    address = {Tuscon, Arizona},
    isbn = {978-1-62410-063-5},
    doi = {10.2514/6.2005-3935}
}

@book{Anderson2003ModernFlow,
    title = {{Modern Compressible Flow}},
    year = {2003},
    author = {Anderson, John},
    edition = {3},
    publisher = {McGraw-Hill},
    address = {Boston}
}

@article{Ren2017MonteChamber,
    title = {{Monte Carlo Simulation for Radiative Transfer in a High-Pressure Industrial Gas Turbine Combustion Chamber}},
    year = {2017},
    journal = {Journal of Engineering for Gas Turbines and Power},
    author = {Ren, Tao and Modest, Michael and Roy, Somesh},
    month = {1},
    volume = {140},
    doi = {10.1115/1.4038153}
}

@article{Wang2008MonteFlames,
    title = {{Monte Carlo simulation of radiative heat transfer and turbulence interactions in methane/air jet flames}},
    year = {2008},
    journal = {Journal of Quantitative Spectroscopy and Radiative Transfer},
    author = {Wang, Anquan and Modest, Michael F and Haworth, Daniel C and Wang, Liangyu},
    number = {2},
    pages = {269--279},
    volume = {109},
    url = {https://www.sciencedirect.com/science/article/pii/S0022407307002464},
    doi = {https://doi.org/10.1016/j.jqsrt.2007.08.030},
    issn = {0022-4073},
    keywords = {Flame, Molecular gas, Monte Carlo methods, Thermal radiation, Turbulence–radiation interactions}
}

@article{Eymet2013Null-collisionSimulators,
    title = {{Null-collision meshless Monte-Carlo-Application to the validation of fast radiative transfer solvers embedded in combustion simulators}},
    year = {2013},
    journal = {Journal of Quantitative Spectroscopy and Radiative Transfer},
    author = {Eymet, Vincent and Poitou, Damien and Galtier, M and El-Hafi, Mouna and Terr{\'{e}}e, Guillaume and Fournier, Richard A},
    month = {11},
    pages = {145--157},
    volume = {129},
    publisher = {Elsevier},
    url = {https://hal.archives-ouvertes.fr/hal-01688108},
    doi = {10.1016/j.jqsrt.2013.06.004},
    keywords = {Integral formulation ; Heterogeneous media ; Meshless ; Combustion ; Monte-Carlo ; Null-collision}
}

@article{Leccese2019NumericalChambers,
    title = {{Numerical Investigation on Radiative Heat Loads in Liquid Rocket Thrust Chambers}},
    year = {2019},
    journal = {Journal of Propulsion and Power},
    author = {Leccese, Giuseppe and Bianchi, Daniele and Nasuti, Francesco},
    number = {5},
    month = {9},
    pages = {930--943},
    volume = {35},
    doi = {10.2514/1.B37536},
    issn = {1533-3876}
}

@article{Lakshmisha1991OnChemistry,
    title = {{On the flammability limit and heat loss in flames with detailed chemistry}},
    year = {1991},
    journal = {Symposium (International) on Combustion},
    author = {Lakshmisha, K N and Paul, P J and Mukunda, H S},
    number = {1},
    pages = {433--440},
    volume = {23},
    url = {https://www.sciencedirect.com/science/article/pii/S0082078406802882},
    doi = {https://doi.org/10.1016/S0082-0784(06)80288-2},
    issn = {0082-0784}
}

@article{Tieszen2001ONFIRES,
    title = {{ON THE FLUID MECHANICS OF FIRES}},
    year = {2001},
    journal = {Annual Review of Fluid Mechanics},
    author = {Tieszen, Sheldon R},
    number = {1},
    pages = {67--92},
    volume = {33},
    url = {https://doi.org/10.1146/annurev.fluid.33.1.67},
    doi = {10.1146/annurev.fluid.33.1.67}
}

@article{Finney2013OnSpread,
    title = {{On the need for a theory of wildland fire spread}},
    year = {2013},
    journal = {International Journal of Wildland Fire},
    author = {Finney, Mark A and Cohen, Jack D and McAllister, Sara S and Jolly, W Matt},
    number = {1},
    pages = {25},
    volume = {22},
    publisher = {CSIRO Publishing},
    url = {https://doi.org/10.1071%2Fwf11117},
    doi = {10.1071/wf11117}
}

@article{Berger2016OnLoads,
    title = {{On the sensitivity of a helicopter combustor wall temperature to convective and radiative thermal loads}},
    year = {2016},
    journal = {Applied Thermal Engineering},
    author = {Berger, S and Richard, S and Duchaine, F and Staffelbach, G and Gicquel, L Y M},
    pages = {1450--1459},
    volume = {103},
    url = {https://www.sciencedirect.com/science/article/pii/S1359431116305403},
    doi = {https://doi.org/10.1016/j.applthermaleng.2016.04.054},
    issn = {1359-4311},
    keywords = {Combustion chamber, Conjugate Heat Transfer, Large Eddy Simulation, Radiation}
}

@article{Flamant2019OpportunitiesCoatings,
    title = {{Opportunities for minimizing radiative heat transfer in future thermal and environmental barrier coatings}},
    year = {2019},
    journal = {Scripta Materialia},
    author = {Flamant, Quentin and Clarke, David R},
    pages = {26--31},
    volume = {173},
    url = {https://www.sciencedirect.com/science/article/pii/S135964621930449X},
    doi = {https://doi.org/10.1016/j.scriptamat.2019.07.041},
    issn = {1359-6462},
    keywords = {Optical properties, Oxides, Thermal barrier coatings, Thermal conductivity}
}

@article{Zhang2012OptimizedSystems,
    title = {{Optimized emission-based reciprocity Monte Carlo method to speed up computation in complex systems}},
    year = {2012},
    journal = {International Journal of Heat and Mass Transfer},
    author = {Zhang, Y. F. and Gicquel, O. and Taine, J.},
    number = {25-26},
    volume = {55},
    doi = {10.1016/j.ijheatmasstransfer.2012.05.028},
    issn = {00179310}
}

@article{Pizzarelli2021OverviewChambers,
    title = {{Overview and analysis of the experimentally measured throat heat transfer in liquid rocket engine thrust chambers}},
    year = {2021},
    journal = {Acta Astronautica},
    author = {Pizzarelli, Marco},
    pages = {46--58},
    volume = {184},
    url = {https://www.sciencedirect.com/science/article/pii/S0094576521001417},
    doi = {https://doi.org/10.1016/j.actaastro.2021.03.028},
    issn = {0094-5765},
    keywords = {Calorimeter and heat-sink thrust chambers, Heat transfer correlations, Hot-gas side heat transfer, Liquid rocket engines}
}

@article{Alerstam2008ParallelMigration,
    title = {{Parallel computing with graphics processing units for high-speed Monte Carlo simulation of photon migration}},
    year = {2008},
    journal = {Journal of Biomedical Optics},
    author = {Alerstam, Erik and Svensson, Tomas and Andersson-Engels, Stefan},
    number = {6},
    pages = {60504},
    volume = {13},
    publisher = {SPIE},
    url = {https://doi.org/10.1117/1.3041496},
    doi = {10.1117/1.3041496},
    keywords = {Biomedical optics, Computer simulations, Data modeling, Graphics processing units, Monte Carlo methods, Optical properties, Parallel computing, Photon transport, Scattering, Tissues, bio-optics, computer graphic equipment, medical computing, parallel processing}
}

@article{Nery2013ParallelGPGPUs,
    title = {{Parallel processing of intersections for ray-tracing in application-specific processors and GPGPUs}},
    year = {2013},
    journal = {Microprocess. Microsystems},
    author = {Nery, Alexandre Solon and Nedjah, Nadia and Fran{\c{c}}a, Felipe Maia Galvão and J{\'{o}}zwiak, Lech},
    pages = {739--749},
    volume = {37}
}

@article{Wang2006PhotonFields,
    title = {{Photon Monte Carlo simulation for radiative transfer in gaseous media represented by discrete particle fields}},
    year = {2006},
    journal = {Journal of Heat Transfer},
    author = {Wang, Anquan and Modest, Michael F.},
    number = {10},
    volume = {128},
    doi = {10.1115/1.2345431},
    issn = {00221481}
}

@article{Chen2023PoolAdvances,
    title = {{Pool fire dynamics: Principles, models and recent advances}},
    year = {2023},
    journal = {Progress in Energy and Combustion Science},
    author = {Chen, Yuhang and Fang, Jun and Zhang, Xiaolei and Miao, Yanli and Lin, Yujie and Tu, Ran and Hu, Longhua},
    pages = {101070},
    volume = {95},
    url = {https://www.sciencedirect.com/science/article/pii/S0360128522000776},
    doi = {https://doi.org/10.1016/j.pecs.2022.101070},
    issn = {0360-1285},
    keywords = {Burning rate, Fire interaction, Flame morphological characteristics, Heat feedback, Pool fire, Soot and flame radiation}
}

@book{Sunday2021PracticalCode,
    title = {{Practical Geometry Algorithms: With C++ Code}},
    year = {2021},
    author = {Sunday, D},
    publisher = {Amazon Digital Services LLC - KDP Print US},
    url = {https://books.google.com/books?id=YBN0zgEACAAJ},
    isbn = {9798749449730}
}

@article{Ghose2016PredictionLevels,
    title = {{Prediction of soot and thermal radiation in a model gas turbine combustor burning kerosene fuel spray at different swirl levels}},
    year = {2016},
    journal = {Combustion Theory and Modelling},
    author = {Ghose, Prakash and Patra, Jitendra and Datta, Amitava and Mukhopadhyay, Achintya},
    number = {3},
    pages = {457--485},
    volume = {20},
    publisher = {Taylor {\&} Francis},
    url = {https://doi.org/10.1080/13647830.2016.1147607},
    doi = {10.1080/13647830.2016.1147607}
}

@article{Pouech2021PremixedStep,
    title = {{Premixed flame ignition in high-speed flows over a backward facing step}},
    year = {2021},
    journal = {Combustion and Flame},
    author = {Pouech, Paul and Duchaine, Florent and Poinsot, Thierry},
    month = {9},
    pages = {111398},
    volume = {229},
    doi = {10.1016/j.combustflame.2021.111398}
}

@article{Paszke2019PyTorch:Library,
    title = {{PyTorch: An Imperative Style, High-Performance Deep Learning Library}},
    year = {2019},
    journal = {CoRR},
    author = {Paszke, Adam and Gross, Sam and Massa, Francisco and Lerer, Adam and Bradbury, James and Chanan, Gregory and Killeen, Trevor and Lin, Zeming and Gimelshein, Natalia and Antiga, Luca and Desmaison, Alban and K{\"{o}}pf, Andreas and Yang, Edward Z and DeVito, Zach and Raison, Martin and Tejani, Alykhan and Chilamkurthy, Sasank and Steiner, Benoit and Fang, Lu and Bai, Junjie and Chintala, Soumith},
    volume = {abs/1912.01703},
    url = {http://arxiv.org/abs/1912.01703}
}

@article{Wu2018RadiationStudy,
    title = {{Radiation characteristics of water droplets in a fire-inspired environment: A Monte Carlo ray tracing study}},
    year = {2018},
    journal = {Journal of Quantitative Spectroscopy and Radiative Transfer},
    author = {Wu, Bifen and Zhao, Xinyu},
    pages = {97--111},
    volume = {212},
    url = {https://www.sciencedirect.com/science/article/pii/S0022407318300360},
    doi = {https://doi.org/10.1016/j.jqsrt.2018.03.023},
    issn = {0022-4073},
    keywords = {Anisotropic scattering, Monte Carlo, Tabulation method, Water mist radiation}
}

@book{Pai1966RadiationDynamics,
    title = {{Radiation Gas Dynamics}},
    year = {1966},
    author = {Pai, Shih-I},
    edition = {1},
    publisher = {Springer},
    address = {Vienna},
    isbn = {978-3-7091-5733-6},
    doi = {10.1007/978-3-7091-5730-5}
}

@article{Viskanta1987RadiationSystems,
    title = {{Radiation heat transfer in combustion systems}},
    year = {1987},
    journal = {Progress in Energy and Combustion Science},
    author = {Viskanta, R and Meng{\"{u}}{\c{c}}, M P},
    number = {2},
    pages = {97--160},
    volume = {13},
    url = {https://www.sciencedirect.com/science/article/pii/0360128587900086},
    doi = {https://doi.org/10.1016/0360-1285(87)90008-6},
    issn = {0360-1285}
}

@article{Kuczynskia2014RadiationBoundaries,
    title = {{Radiation heat transfer model using Monte Carlo ray tracing method on hierarchical ortho-Cartesian meshes and non-uniform rational basis spline surfaces for description of boundaries}},
    year = {2014},
    journal = {Archives of Thermodynamics},
    author = {Kuczy{\'{n}}skia, P and Bialecki, Ryszard},
    month = {9},
    pages = {65--92},
    volume = {35},
    doi = {10.2478/aoter-2014-0014}
}

@article{Humphrey2012RadiationSystem,
    title = {{Radiation modeling using the Uintah heterogeneous CPU/GPU runtime system}},
    year = {2012},
    journal = {ACM International Conference Proceeding Series},
    author = {Humphrey, Alan and Meng, Qingyu and Berzins, Martin and Harman, Todd},
    month = {8},
    doi = {10.1145/2335755.2335791}
}

@book{Modest2013RadiativeTransfer,
    title = {{Radiative heat transfer}},
    year = {2013},
    booktitle = {Radiative heat transfer},
    author = {Modest, M F},
    edition = {3},
    publisher = {Elsevier},
    doi = {https://doi.org/10.1016/C2010-0-65874-3}
}

@book{Modest2013RadiativeTransferb,
    title = {{Radiative Heat Transfer}},
    year = {2013},
    booktitle = {Radiative heat transfer},
    author = {Modest, M F},
    edition = {3},
    publisher = {Elsevier},
    url = {https://linkinghub.elsevier.com/retrieve/pii/C20100658743},
    isbn = {9780123869449},
    doi = {10.1016/C2010-0-65874-3}
}

@article{Modest2013RadiativeTransferc,
    title = {{Radiative Heat Transfer}},
    year = {2013},
    journal = {Radiative Heat Transfer},
    author = {Modest, Michael},
    month = {10},
    isbn = {9780123869449},
    doi = {10.1016/C2010-0-65874-3}
}

@inproceedings{Humphrey2016RadiativeRefinement,
    title = {{Radiative Heat Transfer Calculation on 16384 GPUs Using a Reverse Monte Carlo Ray Tracing Approach with Adaptive Mesh Refinement}},
    year = {2016},
    author = {Humphrey, Alan and Sunderland, Daniel and Harman, Todd and Berzins, Martin},
    month = {8},
    pages = {1222--1231},
    doi = {10.1109/IPDPSW.2016.93}
}

@inproceedings{Paul2006RadiativeCombustor,
    title = {{Radiative heat transfer in a model gas turbine combustor}},
    year = {2006},
    booktitle = {Advanced Computational Methods in Heat Transfer IX},
    author = {Paul, M. C. and Jones, W. P.},
    month = {6},
    pages = {413--421},
    publisher = {WIT Press},
    address = {Southampton, UK},
    isbn = {1845641760},
    doi = {10.2495/HT060401},
    issn = {1743-3533}
}

@article{Sacadura2005RadiativeScience,
    title = {{Radiative heat transfer in fire safety science}},
    year = {2005},
    journal = {Journal of Quantitative Spectroscopy and Radiative Transfer},
    author = {Sacadura, J F},
    number = {1},
    pages = {5--24},
    volume = {93},
    url = {https://www.sciencedirect.com/science/article/pii/S0022407304003188},
    doi = {https://doi.org/10.1016/j.jqsrt.2004.08.011},
    issn = {0022-4073},
    keywords = {Fire, Heat, Overview, Radiation, Safety, Thermal, Transfer}
}

@book{Modest2016RadiativeSystems,
    title = {{Radiative Heat Transfer in Turbulent Combustion Systems}},
    year = {2016},
    author = {Modest, Michael F. and Haworth, Daniel C.},
    edition = {1},
    publisher = {Springer Cham},
    address = {},
    isbn = {978-3-319-27289-4},
    doi = {10.1007/978-3-319-27291-7}
}

@article{Kersch1994RadiativeMethods,
    title = {{Radiative heat transfer with quasi-monte carlo methods}},
    year = {1994},
    journal = {Transport Theory and Statistical Physics},
    author = {Kersch, A. and Schuster, A. and Morokoff, W.},
    number = {7},
    volume = {23},
    doi = {10.1080/00411459408203537},
    issn = {15322424}
}

@article{Galtier2015RadiativeApproach,
    title = {{Radiative transfer and spectroscopic databases: A line-sampling Monte Carlo approach}},
    year = {2015},
    journal = {Journal of Quantitative Spectroscopy and Radiative Transfer},
    author = {Galtier, Mathieu and Blanco, Stéphane and Dauchet, Jérémi and Mouna, El Hafi and Eymet, Vincent and Fournier, Richard and Roger, Maxime and Spiesser, Christophe and Terr{\'{e}}e, Guillaume},
    month = {10},
    volume = {172},
    doi = {10.1016/j.jqsrt.2015.10.016}
}

@incollection{Coelho2018RadiativeSystems,
    title = {{Radiative transfer in combustion systems}},
    year = {2018},
    booktitle = {Handbook of Thermal Science and Engineering},
    author = {Coelho, P J},
    month = {8},
    pages = {1173--1199},
    doi = {10.1007/978-3-319-26695-4{\_}61}
}

@misc{Viskanta2010RadiativeSystems,
    title = {{Radiative transfer in combustion systems}},
    year = {2010},
    booktitle = {Thermopedia},
    author = {Viskanta, Raymond},
    month = {9}
}

@article{Tesse2002RadiativeApproach,
    title = {{Radiative transfer in real gases using reciprocal and forward Monte Carlo methods and a correlated-k approach}},
    year = {2002},
    journal = {International Journal of Heat and Mass Transfer},
    author = {Tess{\'{e}}, Lionel and Dupoirieux, F and Zamuner, Bernard and Taine, Jean},
    month = {8},
    pages = {2797--2814},
    volume = {45},
    doi = {10.1016/S0017-9310(02)00009-1}
}

@inproceedings{Kay1986RayScenes,
    title = {{Ray Tracing Complex Scenes}},
    year = {1986},
    booktitle = {Proceedings of the 13th Annual Conference on Computer Graphics and Interactive Techniques},
    author = {Kay, Timothy L and Kajiya, James T},
    pages = {269--278},
    series = {SIGGRAPH '86},
    publisher = {Association for Computing Machinery},
    url = {https://doi.org/10.1145/15922.15916},
    address = {New York, NY, USA},
    isbn = {0897911962},
    doi = {10.1145/15922.15916}
}

@misc{Shirley2020RayWeek,
    title = {{Ray Tracing: The Next Week}},
    year = {2020},
    author = {Shirley, Peter},
    month = {12},
    url = {https://raytracing.github.io/books/RayTracingTheNextWeek.html}
}

@article{Spuckler1993RefractiveLayer,
    title = {{Refractive index and scattering effects on radiative behavior of a semitransparent layer}},
    year = {1993},
    journal = {Journal of Thermophysics and Heat Transfer},
    author = {Spuckler, C. M. and Siegel, R.},
    number = {2},
    month = {4},
    pages = {302--310},
    volume = {7},
    doi = {10.2514/3.420},
    issn = {0887-8722}
}

@article{Richmond1963RelationProperties,
    title = {{Relation of emittance to other optical properties}},
    year = {1963},
    journal = {Journal of Research of the National Bureau of Standards, Section C: Engineering and Instrumentation},
    author = {Richmond, J.C.},
    number = {3},
    month = {7},
    pages = {217--226},
    volume = {67C},
    doi = {10.6028/jres.067C.019},
    issn = {0022-4316}
}

@article{Lu2004ReverseMedia,
    title = {{Reverse Monte Carlo Method for Transient Radiative Transfer in Participating Media}},
    year = {2004},
    journal = {Journal of Heat Transfer-Transactions of the Asme},
    author = {Lu, X and Hsu, Pei-Feng},
    month = {10},
    pages = {621--627},
    volume = {126},
    doi = {10.1115/IMECE2003-41932}
}

@article{Walters1992RigorousMedia,
    title = {{Rigorous development for radiation heat transfer in nonhomogeneous absorbing, emitting and scattering media}},
    year = {1992},
    journal = {International Journal of Heat and Mass Transfer},
    author = {Walters, Donald V and Buckius, Richard O},
    number = {12},
    month = {12},
    pages = {3323--3333},
    volume = {35},
    keywords = {Anisotropic Media, Fluid Mechanics and Heat Transfer, Heat Flux, Line Of Sight, Monte Carlo Method, Radiation Absorption, Radiative Heat Transfer, Wave Scattering}
}

@article{Sutton2001RocketElements,
    title = {{Rocket Propulsion Elements}},
    year = {2001},
    journal = {JOHN WILEY {\&} SONS, INC.},
    author = {Sutton, George and Biblarz, Oscar},
    volume = {7},
    isbn = {0471326429}
}

@article{Finney2015RoleSpread,
    title = {{Role of buoyant flame dynamics in wildfire spread}},
    year = {2015},
    journal = {Proceedings of the National Academy of Sciences},
    author = {Finney, Mark A. and Cohen, Jack D. and Forthofer, Jason M. and McAllister, Sara S. and Gollner, Michael J. and Gorham, Daniel J. and Saito, Kozo and Akafuah, Nelson K. and Adam, Brittany A. and English, Justin D.},
    number = {32},
    month = {8},
    pages = {9833--9838},
    volume = {112},
    doi = {10.1073/pnas.1504498112},
    issn = {0027-8424}
}

@techreport{Claus1981SpectralCombustor,
    title = {{Spectral Flame Radiance From a Tubular-Can Combustor }},
    year = {1981},
    author = {Claus, Russell},
    month = {2},
    institution = {NASA Lewis},
    address = {Cleveland, OH}
}

@article{Wang2007SpectralMedia,
    title = {{Spectral Monte Carlo models for nongray radiation analyses in inhomogeneous participating media}},
    year = {2007},
    journal = {International Journal of Heat and Mass Transfer},
    author = {Wang, Anquan and Modest, Michael F.},
    number = {19-20},
    volume = {50},
    doi = {10.1016/j.ijheatmasstransfer.2007.02.018},
    issn = {00179310}
}

@book{Hanson2016SpectroscopyGases,
    title = {{Spectroscopy and Optical Diagnostics for Gases}},
    year = {2016},
    author = {Hanson, Ronald and Spearrin, Raymond and Goldenstein, Christopher},
    month = {8},
    isbn = {9783319232515},
    doi = {10.1007/978-3-319-23252-2}
}

@misc{Porter2022TheAcceleration,
    title = {{The Computational Fluid Dynamics Revolution Driven by GPU Acceleration}},
    year = {2022},
    booktitle = {NVIDIA Developer Blog},
    author = {Porter, Chris and Krishnamoorthy, Niveditha},
    month = {5},
    url = {https://developer.nvidia.com/blog/computational-fluid-dynamics-revolution-driven-by-gpu-acceleration/}
}

@book{Moukalled2016TheApplications,
    title = {{The finite volume method in computational fluid dynamics: Fluid Mechanics and Its Applications}},
    year = {2016},
    booktitle = {Springer},
    author = {Moukalled, F and Mangani, L and Darwish, M},
    volume = {113},
    issn = {09265112}
}

@article{Modest2002TheMixtures,
    title = {{The full-spectrum correlated-k distribution for thermal radiation from molecular gas-particulate mixtures}},
    year = {2002},
    journal = {Journal of Heat Transfer},
    author = {Modest, Michael F. and Zhang, Hongmei},
    number = {1},
    volume = {124},
    doi = {10.1115/1.1418697},
    issn = {00221481}
}

@article{Liu2020TheFlames,
    title = {{The impact of radiative heat transfer in combustion processes and its modeling – with a focus on turbulent flames}},
    year = {2020},
    journal = {Fuel},
    author = {Liu, Fengshan and Consalvi, Jean-Louis and Coelho, Pedro J and Andre, Frédéric and Gu, Mingyan and Solovjov, Vladimir and Webb, Brent W},
    pages = {118555},
    volume = {281},
    url = {https://www.sciencedirect.com/science/article/pii/S0016236120315519},
    doi = {https://doi.org/10.1016/j.fuel.2020.118555},
    issn = {0016-2361},
    keywords = {Combustion systems, RTE solver, Radiative heat transfer, Radiative properties, Turbulence-radiation interaction}
}

@article{Medwell2011TheRadiation,
    title = {{The influence on the soot distribution within a laminar flame of radiation at fluxes of relevance to concentrated solar radiation}},
    year = {2011},
    journal = {Combustion and Flame},
    author = {Medwell, Paul R and Nathan, Graham J and Chan, Qing N and Alwahabi, Zeyad T and Dally, Bassam B},
    number = {9},
    pages = {1814--1821},
    volume = {158},
    url = {https://www.sciencedirect.com/science/article/pii/S0010218011000216},
    doi = {https://doi.org/10.1016/j.combustflame.2011.01.006},
    issn = {0010-2180},
    keywords = {Concentrated solar radiation, Coupled radiation heat transfer, Laser diagnostics, Soot}
}

@article{Eddington1920TheStars,
    title = {{The Internal Constitution of the Stars}},
    year = {1920},
    journal = {Nature},
    author = {Eddington, A. S.},
    number = {2653},
    month = {9},
    pages = {14--20},
    volume = {106},
    doi = {10.1038/106014a0},
    issn = {0028-0836}
}

@article{Howell2021TheTransfer,
    title = {{The Past and Future of the Monte Carlo Method in Thermal Radiation Transfer}},
    year = {2021},
    journal = {Journal of Heat Transfer},
    author = {Howell, John and Daun, Kyle},
    month = {9},
    volume = {143},
    doi = {10.1115/1.4050719}
}

@article{Kelm2021TheTransport,
    title = {{The Tailored CFD Package 'containmentFOAM' for Analysis of Containment Atmosphere Mixing, H 2 /CO Mitigation and Aerosol Transport}},
    year = {2021},
    author = {Kelm, Stephan and Kampili, Manohar and Liu, Xiongguo and George, Allen and Schumacher, Daniel and Druska, Claudia and Struth, Stephan and Kuhr, Astrid and Ramacher, Lucian and Allelein, Hans-Josef and Prakash, K Arul and Vijaya Kumar, G and Cammiade, Liam M F and Ji, Ruiyun},
    url = {https://doi.org/10.3390/fluids6030100},
    doi = {10.3390/fluids6030100},
    keywords = {CFD, aerosols, conden-sation, containment, containmentFOAM, hydrogen safety, multispecies transport, passive auto-catalytic recombiner, system modeling}
}

@article{Pandey2022TheDiscovery,
    title = {{The transformational role of GPU computing and deep learning in drug discovery}},
    year = {2022},
    journal = {Nature Machine Intelligence},
    author = {Pandey, Mohit and Fernandez, Michael and Gentile, Francesco and Isayev, Olexandr and Tropsha, Alexander and Stern, Abraham C and Cherkasov, Artem},
    number = {3},
    pages = {211--221},
    volume = {4},
    url = {https://doi.org/10.1038/s42256-022-00463-x},
    doi = {10.1038/s42256-022-00463-x},
    issn = {2522-5839}
}

@article{Miller1997ThermalDirections,
    title = {{Thermal barrier coatings for aircraft engines: history and directions}},
    year = {1997},
    journal = {Journal of Thermal Spray Technology},
    author = {Miller, R. A.},
    number = {1},
    month = {3},
    pages = {35--42},
    volume = {6},
    doi = {10.1007/BF02646310},
    issn = {1059-9630}
}

@article{Padture2002ThermalApplications,
    title = {{Thermal Barrier Coatings for Gas-Turbine Engine Applications}},
    year = {2002},
    journal = {Science},
    author = {Padture, N. P.},
    number = {5566},
    month = {4},
    pages = {280--284},
    volume = {296},
    doi = {10.1126/science.1068609},
    issn = {00368075}
}

@book{Amano2008ThermalSystems,
    title = {{Thermal Engineering in Power Systems}},
    year = {2008},
    author = {Amano, Ryoichi and Sunden, Bengt},
    month = {2},
    volume = {22},
    isbn = {978-1-84564-062-0}
}

@book{Howell2010ThermalTransfer,
    title = {{Thermal Radiation Heat Transfer}},
    year = {2010},
    author = {Howell, John R. and Menguc, M. Pinar and Siegel, Robert},
    month = {9},
    publisher = {CRC Press},
    isbn = {9780429190575},
    doi = {10.1201/9781439894552}
}

@book{Howell2010ThermalTransferb,
    title = {{Thermal Radiation Heat Transfer}},
    year = {2010},
    author = {Howell, John R. and Menguc, M. Pinar and Siegel, Robert},
    edition = {5th},
    month = {9},
    publisher = {CRC Press},
    address = {Boca Raton},
    isbn = {9781439894552},
    doi = {10.1201/9781439894552}
}

@book{Howell2020ThermalTransfer,
    title = {{Thermal Radiation Heat Transfer}},
    year = {2020},
    author = {Howell, John R. and Meng{\"{u}}{\c{c}}, M. Pinar and Daun, Kyle and Siegel, Robert},
    edition = {7th},
    month = {12},
    publisher = {CRC Press},
    address = {Seventh edition. | Boca Raton : CRC Press, 2021. | Revised edition of: Thermal radiation heat transfer / John R. Howell, M. Pinar Mengüç, Robert Siegel. Sixth edition. 2015.},
    isbn = {9780429327308},
    doi = {10.1201/9780429327308}
}

@incollection{Milne1930ThermodynamicsStars,
    title = {{Thermodynamics of the Stars}},
    year = {1930},
    booktitle = {Handbuch der Astrophysik},
    author = {Milne, E. A.},
    pages = {65--255},
    publisher = {Springer Berlin Heidelberg},
    address = {Berlin, Heidelberg},
    doi = {10.1007/978-3-642-90705-0{\_}2}
}

@article{ElHafi2021ThreeAlgorithms,
    title = {{Three viewpoints on null-collision Monte Carlo algorithms}},
    year = {2021},
    journal = {Journal of Quantitative Spectroscopy and Radiative Transfer},
    author = {El Hafi, Mouna and Blanco, Stephane and Dauchet, Jérémi and Fournier, Richard and Galtier, Mathieu and Ibarrart, Loris and Tregan, Jean-Marc and Villefranque, Najda},
    pages = {107402},
    volume = {260},
    url = {https://www.sciencedirect.com/science/article/pii/S0022407320302983},
    doi = {https://doi.org/10.1016/j.jqsrt.2020.107402},
    issn = {0022-4073},
    keywords = {Computer graphics, Hierarchical grids, Monte Carlo, Non linearity, Null collision, Rejection method, Similitude}
}

@article{Case1957TransferPrinciple,
    title = {{Transfer Problems and the Reciprocity Principle}},
    year = {1957},
    journal = {Revs. Mod. Phys.},
    author = {Case, K},
    month = {10},
    volume = {Vol: 29},
    doi = {10.1103/RevModPhys.29.651}
}

@article{Habibi2007TurbulenceFlames,
    title = {{Turbulence radiation inteaction in Reynolds-averaged Navier-Stokes simulations of nonpremixed piloted turbulent laboratory-scale flames}},
    year = {2007},
    journal = {Combustion and Flame},
    author = {Habibi, Ali and Merci, Bart and Roekaerts, D},
    month = {9},
    pages = {303--320},
    volume = {151},
    doi = {10.1016/j.combustflame.2007.06.003}
}

@article{Spuckler1996Two-FluxLayers,
    title = {{Two-Flux and Diffusion Methods for Radiative Transfer in Composite Layers}},
    year = {1996},
    journal = {Journal of Heat Transfer},
    author = {Spuckler, C. M. and Siegel, R.},
    number = {1},
    month = {2},
    pages = {218--222},
    volume = {118},
    doi = {10.1115/1.2824043},
    issn = {0022-1481}
}

@article{Campo1987Two-fluxMedium,
    title = {{Two-flux model applied to combined conduction-radiation in a gray planar medium}},
    year = {1987},
    journal = {W{\"{a}}rme- und Stoff{\"{u}}bertragung},
    author = {Campo, A. and Tremante, A.},
    number = {4},
    month = {7},
    pages = {221--225},
    volume = {21},
    doi = {10.1007/BF01004024},
    issn = {0042-9929}
}

@article{Saftly2013UsingNote,
    title = {{Using hierarchical octrees in Monte Carlo radiative transfer simulations (Research Note)}},
    year = {2013},
    journal = {Astronomy and Astrophysics},
    author = {Saftly, Waad and Camps, Peter and Baes, Maarten and Gordon, K and Vandewoude, Sebastiaan and Rahimi, Awat and Stalevski, Marko},
    month = {9},
    pages = {10},
    volume = {554},
    doi = {10.1051/0004-6361/201220854}
}

@inproceedings{Seward2005UsingBit-precision,
    title = {{Using Valgrind to detect undefined value errors with bit-precision}},
    year = {2005},
    booktitle = {USENIX 2005 Annual Technical Conference},
    author = {Seward, Julian and Nethercote, Nicholas}
}

@article{Siegel1993VariableRegions,
    title = {{Variable refractive index effects on radiation in semitransparent scattering multilayered regions}},
    year = {1993},
    journal = {Journal of Thermophysics and Heat Transfer},
    author = {Siegel, R. and Spuckler, C. M.},
    number = {4},
    month = {10},
    pages = {624--630},
    volume = {7},
    doi = {10.2514/3.470},
    issn = {0887-8722}
}

@inproceedings{Colborn2023VariationCombustor,
    title = {{Variation in Convective and Radiative Heat Transfer with Reynolds Number and Temperature in a Backward-Facing Step Combustor}},
    year = {2023},
    booktitle = {AIAA SCITECH 2023 Forum},
    author = {Colborn, Jennifer and O'Connor, Jacqueline A},
    url = {https://arc.aiaa.org/doi/abs/10.2514/6.2023-0923},
    doi = {10.2514/6.2023-0923}
}

@misc{Caulfield2009WhatsGPU,
    title = {{What’s the Difference Between a CPU and a GPU?}},
    year = {2009},
    booktitle = {Nvidia},
    author = {Caulfield, Brian},
    month = {12},
    url = {https://blogs.nvidia.com/blog/2009/12/16/whats-the-difference-between-a-cpu-and-a-gpu/}
}

@misc{Scott2018WhenDiscover,
    title = {{When Did Humans Discover Fire? The Answer Depends on What You Mean By 'Discover'}},
    year = {2018},
    booktitle = {Time},
    author = {Scott, Andrew},
    month = {6},
    url = {When Did Humans Discover Fire? The Answer Depends on What You Mean By 'Discover'}
}

@misc{Baird2015WhenMe,
    title = {{When I sit by a campfire, how does its hot air heat me?}},
    year = {2015},
    author = {Baird, Christopher},
    month = {2},
    url = {https://www.wtamu.edu/~cbaird/sq/}
}

@inproceedings{Johnson2020Wide-bandConditions,
    title = {{Wide-band Models for High-pressure Engine Conditions}},
    year = {2020},
    author = {Johnson, Andressa and Zhang, Shiling and Zhao, Xinyu},
    month = {1},
    doi = {10.2514/6.2020-3692}
}